<?xml version="1.0" encoding="UTF-8"?><collection xmlns="http://www.loc.gov/MARC21/slim"><record><leader>00600nam--2200181-i-4500</leader><controlfield tag="001">000010986</controlfield><controlfield tag="002">20161230</controlfield><controlfield tag="005">20161230201029</controlfield><controlfield tag="008">060222s1000------------r-----000-0-ger-d</controlfield><datafield ind1=" " ind2=" " tag="040"><subfield code="a">IFIN-HH</subfield></datafield><datafield ind1=" " ind2=" " tag="041"><subfield code="a">ger</subfield></datafield><datafield ind1=" " ind2=" " tag="080"><subfield code="a">537.876.45(043)</subfield></datafield><datafield ind1="1" ind2=" " tag="100"><subfield code="a">Bergeest, Rainer</subfield></datafield><datafield ind1="1" ind2="0" tag="245"><subfield code="a">Undersuchungen des grenzfrequenzverhaltens von hohlleitern</subfield><subfield code="b">Dissertation</subfield><subfield code="c">Rainer bergeest</subfield></datafield><datafield ind1=" " ind2=" " tag="260"><subfield code="a">Braunschweig</subfield><subfield code="b">Fakultat Fur Maschinenbau And El Ektrothchnik Deer Technischen Universitat Carolo-wilhelmina Zu Braunschweig</subfield><subfield code="c">1972</subfield></datafield><datafield ind1=" " ind2=" " tag="300"><subfield code="a">174 P</subfield></datafield><datafield ind1=" " ind2=" " tag="852"><subfield code="a">40530</subfield><subfield code="c">537:538</subfield></datafield><datafield ind1=" " ind2=" " tag="CAT"><subfield code="a">Sys</subfield><subfield code="c">20110620</subfield><subfield code="h">142733</subfield></datafield></record></collection>